<record><leader>00000cas a22000007a 4500</leader><controlfield tag="001">20325603</controlfield><controlfield tag="008">890911d18751876mouwr ne      0    0eng d</controlfield><datafield ind1=" " ind2=" " tag="010"><subfield code="a">sn 89067070 </subfield></datafield><datafield ind1=" " ind2=" " tag="040"><subfield code="a">MQN</subfield><subfield code="b">eng</subfield><subfield code="c">MQN</subfield><subfield code="d">OCLCQ</subfield></datafield><datafield ind1=" " ind2=" " tag="042"><subfield code="a">msc</subfield></datafield><datafield ind1="0" ind2=" " tag="130"><subfield code="a">Osceola sentinel (Osceola, Mo.)</subfield></datafield><datafield ind1="1" ind2="4" tag="245"><subfield code="a">The Osceola sentinel.</subfield></datafield><datafield ind1=" " ind2=" " tag="260"><subfield code="a">Osceola, Mo. :</subfield><subfield code="b">Thad M. Gardner,</subfield><subfield code="c">1875-1876.</subfield></datafield><datafield ind1=" " ind2=" " tag="300"><subfield code="a">v.</subfield></datafield><datafield ind1=" " ind2=" " tag="310"><subfield code="a">Weekly</subfield></datafield><datafield ind1="0" ind2=" " tag="362"><subfield code="a">Vol. 1, no. 1 (Jan. 9, 1875)-v. 2, no. 22 (June 3, 1876).</subfield></datafield><datafield ind1=" " ind2=" " tag="752"><subfield code="a">United States</subfield><subfield code="b">Missouri</subfield><subfield code="c">Saint Clair</subfield><subfield code="d">Osceola.</subfield></datafield><datafield ind1="0" ind2="7" tag="785"><subfield code="t">Appleton democrat</subfield><subfield code="w">(DLC)sn 88068125</subfield></datafield><datafield ind1="0" ind2="7" tag="785"><subfield code="t">Sentinel-democrat</subfield><subfield code="w">(DLC)sn 87052198</subfield></datafield></record>